@inproceedings{sagiroglu2013big,
  title={Big data: A review},
  author={Sagiroglu, Seref and Sinanc, Duygu},
  booktitle={2013 international conference on collaboration technologies and systems (CTS)},
  pages={42--47},
  year={2013},
  organization={IEEE}
}

@article{anuradha2015brief,
  title={A brief introduction on Big Data 5Vs characteristics and Hadoop technology},
  author={Anuradha, J and others},
  journal={Procedia computer science},
  volume={48},
  pages={319--324},
  year={2015},
  publisher={Elsevier}
}

@inproceedings{katal2013big,
  title={Big data: issues, challenges, tools and good practices},
  author={Katal, Avita and Wazid, Mohammad and Goudar, Rayan H},
  booktitle={2013 Sixth international conference on contemporary computing (IC3)},
  pages={404--409},
  year={2013},
  organization={IEEE}
}


@article{cappa2021big,
  title={Big data for creating and capturing value in the digitalized environment: unpacking the effects of volume, variety, and veracity on firm performance},
  author={Cappa, Francesco and Oriani, Raffaele and Peruffo, Enzo and McCarthy, Ian},
  journal={Journal of Product Innovation Management},
  volume={38},
  number={1},
  pages={49--67},
  year={2021},
  publisher={Wiley Online Library}
}

@article{hota2018big,
  title={Big data analysis on youtube using hadoop and mapreduce},
  author={Hota, Soma and others},
  journal={International Journal of Computer Engineering In Research Trends},
  volume={5},
  pages={98--104},
  year={2018}
}

@article{rubin2013veracity,
  title={Veracity roadmap: Is big data objective, truthful and credible?},
  author={Rubin, Victoria and Lukoianova, Tatiana},
  journal={Advances in Classification Research Online},
  volume={24},
  number={1},
  pages={4},
  year={2013}
}

@article{storage2012data,
  title={Data Backup Options},
  author={Storage, Remote Backup--Cloud},
  year={2012}
}

@inproceedings{yu2010view,
  title={A view about cloud data security from data life cycle},
  author={Yu, Xiaojun and Wen, Qiaoyan},
  booktitle={2010 international conference on computational intelligence and software engineering},
  pages={1--4},
  year={2010},
  organization={IEEE}
}

@article{wang2010toward,
  title={Toward publicly auditable secure cloud data storage services},
  author={Wang, Cong and Ren, Kui and Lou, Wenjing and Li, Jin},
  journal={IEEE network},
  volume={24},
  number={4},
  pages={19--24},
  year={2010},
  publisher={IEEE}
}

@article{casado2015emerging,
  title={Emerging trends and technologies in big data processing},
  author={Casado, Rub{\'e}n and Younas, Muhammad},
  journal={Concurrency and Computation: Practice and Experience},
  volume={27},
  number={8},
  pages={2078--2091},
  year={2015},
  publisher={Wiley Online Library}
}

@misc{web:Amazon,
  title = {Data processing},
  author = {Amazon},
  year = {},
  note = {Last accessed 18 May 2023},
  url = {https://docs.aws.amazon.com/whitepapers/latest/data-warehousing-on-aws/data-processing.html}
}

@inproceedings{wu2020reactive,
  title={A reactive batching strategy of apache kafka for reliable stream processing in real-time},
  author={Wu, Han and Shang, Zhihao and Peng, Guang and Wolter, Katinka},
  booktitle={2020 IEEE 31st International Symposium on Software Reliability Engineering (ISSRE)},
  pages={207--217},
  year={2020},
  organization={IEEE}
}

@article{lewis2013content,
  title={Content analysis in an era of big data: A hybrid approach to computational and manual methods},
  author={Lewis, Seth C and Zamith, Rodrigo and Hermida, Alfred},
  journal={Journal of broadcasting \& electronic media},
  volume={57},
  number={1},
  pages={34--52},
  year={2013},
  publisher={Taylor \& Francis}
}

@article{lin2017lambda,
  title={The lambda and the kappa},
  author={Lin, Jimmy},
  journal={IEEE Internet Computing},
  volume={21},
  number={05},
  pages={60--66},
  year={2017},
  publisher={IEEE Computer Society}
}

@article{feick2018fundamentals,
  title={Fundamentals of real-time data processing architectures lambda and kappa},
  author={Feick, Martin and Kleer, Niko and Kohn, Marek},
  journal={SKILL 2018-Studierendenkonferenz Informatik},
  year={2018},
  publisher={Gesellschaft f{\"u}r Informatik eV}
}

@book{tukey1977exploratory,
  title={Exploratory data analysis},
  author={Tukey, John W and others},
  volume={2},
  year={1977},
  publisher={Reading, MA}
}

@article{kotsiantis2006machine,
  title={Machine learning: a review of classification and combining techniques},
  author={Kotsiantis, Sotiris B and Zaharakis, Ioannis D and Pintelas, Panayiotis E},
  journal={Artificial Intelligence Review},
  volume={26},
  number={3},
  pages={159--190},
  year={2006}
}

@misc{web:S-cubed,
  title = {Statistics and Machine Learning},
  author = {S-cubed},
  year = {},
  note = {Last accessed 18 May 2023},
  url = {https://www.s-cubed-global.com/biometrics/statistics-and-machine-learning}
}

@misc{web:Upgrad,
  title = {Decision Tree in Machine Learning},
  author = {Upgrad},
  year = {},
  note = {Last accessed 18 May 2023},
  url = {https://www.upgrad.com/blog/decision-tree-in-machine-learning/}
}

@misc{web:Rocketloop,
  title = {Clustering with Machine Learning},
  author = {Rocketloop},
  year = {},
  note = {Last accessed 18 May 2023},
  url = {https://rocketloop.de/en/blog/clustering-machine-learning-comprehensive-guide/}
}

@article{friedl1997decision,
  title={Decision tree classification of land cover from remotely sensed data},
  author={Friedl, Mark A and Brodley, Carla E},
  journal={Remote sensing of environment},
  volume={61},
  number={3},
  pages={399--409},
  year={1997},
  publisher={Elsevier}
}

@inproceedings{wang2005comparison,
  title={Comparison of SVM and LS-SVM for regression},
  author={Wang, Haifeng and Hu, Dejin},
  booktitle={2005 International conference on neural networks and brain},
  volume={1},
  pages={279--283},
  year={2005},
  organization={IEEE}
}

@article{likas2003global,
  title={The global k-means clustering algorithm},
  author={Likas, Aristidis and Vlassis, Nikos and Verbeek, Jakob J},
  journal={Pattern recognition},
  volume={36},
  number={2},
  pages={451--461},
  year={2003},
  publisher={Elsevier}
}

@article{hartigan1979algorithm,
  title={Algorithm AS 136: A k-means clustering algorithm},
  author={Hartigan, John A and Wong, Manchek A},
  journal={Journal of the royal statistical society. series c (applied statistics)},
  volume={28},
  number={1},
  pages={100--108},
  year={1979},
  publisher={JSTOR}
}

@article{reynolds2009gaussian,
  title={Gaussian mixture models.},
  author={Reynolds, Douglas A and others},
  journal={Encyclopedia of biometrics},
  volume={741},
  number={659-663},
  year={2009},
  publisher={Berlin, Springer}
}

@inproceedings{miller2013graph,
  title={Graph database applications and concepts with Neo4j},
  author={Miller, Justin J},
  booktitle={Proceedings of the southern association for information systems conference, Atlanta, GA, USA},
  volume={2324},
  number={36},
  year={2013}
}

@article{voigt2017eu,
  title={The eu general data protection regulation (gdpr)},
  author={Voigt, Paul and Von dem Bussche, Axel},
  journal={A Practical Guide, 1st Ed., Cham: Springer International Publishing},
  volume={10},
  number={3152676},
  pages={10--5555},
  year={2017},
  publisher={Springer}
}

@article{berghel2018malice,
  title={Malice domestic: The Cambridge analytica dystopia},
  author={Berghel, Hal},
  journal={Computer},
  volume={51},
  number={05},
  pages={84--89},
  year={2018},
  publisher={IEEE Computer Society}
}

@inproceedings{englehardt2015cookies,
  title={Cookies that give you away: The surveillance implications of web tracking},
  author={Englehardt, Steven and Reisman, Dillon and Eubank, Christian and Zimmerman, Peter and Mayer, Jonathan and Narayanan, Arvind and Felten, Edward W},
  booktitle={Proceedings of the 24th International Conference on World Wide Web},
  pages={289--299},
  year={2015}
}

@article{sen2015estimating,
  title={Estimating the contextual risk of data breach: An empirical approach},
  author={Sen, Ravi and Borle, Sharad},
  journal={Journal of Management Information Systems},
  volume={32},
  number={2},
  pages={314--341},
  year={2015},
  publisher={Taylor \& Francis}
}

@article{smid1988data,
  title={Data encryption standard: past and future},
  author={Smid, Miles E and Branstad, Dennis K},
  journal={Proceedings of the IEEE},
  volume={76},
  number={5},
  pages={550--559},
  year={1988},
  publisher={IEEE}
}

@article{ritchie1978unix,
  title={The UNIX time-sharing system},
  author={Ritchie, Dennis M and Thompson, Ken},
  journal={Bell System Technical Journal},
  volume={57},
  number={6},
  pages={1905--1929},
  year={1978},
  publisher={Wiley Online Library}
}

@article{docker2020docker,
  title={Docker},
  author={Docker, Inc},
  journal={l{\i}nea].[Junio de 2017]. Disponible en: https://www. docker. com/what-docker},
  year={2020}
}

@misc{web:GitHub,
  title = {GitHub code},
  author = {Zan Zver},
  year = {},
  note = {Last accessed 18 May 2023},
  url = {https://github.com/ZanZver/BigDataManagement}
}